<?xml version="1.0" encoding="UTF-8"?><collection xmlns="http://www.loc.gov/MARC21/slim"><record><leader>00460nam--2200169-i-4500</leader><controlfield tag="001">000026865</controlfield><controlfield tag="002">20161230</controlfield><controlfield tag="005">20161230201036</controlfield><controlfield tag="008">060222s1000------------r-----000-0-eng-d</controlfield><datafield ind1=" " ind2=" " tag="040"><subfield code="a">IFIN-HH</subfield></datafield><datafield ind1=" " ind2=" " tag="080"><subfield code="a">537.523.5</subfield></datafield><datafield ind1="1" ind2=" " tag="100"><subfield code="a">Knight, H.De B</subfield></datafield><datafield ind1="1" ind2="0" tag="245"><subfield code="a">The arc discharge</subfield><subfield code="b">Its applications to power control</subfield><subfield code="c">H. de b. knight</subfield></datafield><datafield ind1=" " ind2=" " tag="260"><subfield code="a">London</subfield><subfield code="b">Chapman &amp; Hall Ltd</subfield><subfield code="c">1960</subfield></datafield><datafield ind1=" " ind2=" " tag="300"><subfield code="a">XIX + 444P</subfield></datafield><datafield ind1=" " ind2=" " tag="852"><subfield code="a">10586</subfield><subfield code="c">537.52</subfield></datafield><datafield ind1=" " ind2=" " tag="CAT"><subfield code="a">Sys</subfield><subfield code="c">20110803</subfield><subfield code="h">124929</subfield></datafield></record></collection>